<?xml version="1.0" encoding="UTF-8"?>
<collection xmlns:xsi="http://www.w3.org/2001/XMLSchema-instance" xsi:schemaLocation="http://www.loc.gov/MARC21/slim http://www.loc.gov/standards/marcxml/schema/MARC21slim.xsd" xmlns="http://www.loc.gov/MARC21/slim">
<record>
  <leader>00872cam a22002291  4500</leader>
  <controlfield tag="001">3072129</controlfield>
  <controlfield tag="003">NNC</controlfield>
  <controlfield tag="005">20130426015443.0</controlfield>
  <controlfield tag="008">991121m19301931ua            000 0 ara d</controlfield>
  <datafield tag="035" ind1=" " ind2=" ">
    <subfield code="a">(OCoLC)ocm42866770</subfield>
  </datafield>
  <datafield tag="035" ind1=" " ind2=" ">
    <subfield code="9">ATP5160CU</subfield>
  </datafield>
  <datafield tag="035" ind1=" " ind2=" ">
    <subfield code="a">(NNC)3072129</subfield>
  </datafield>
  <datafield tag="040" ind1=" " ind2=" ">
    <subfield code="a">PUL</subfield>
    <subfield code="c">PUL</subfield>
    <subfield code="d">ZCU</subfield>
  </datafield>
  <datafield tag="099" ind1=" " ind2=" ">
    <subfield code="a">893.7M98</subfield>
    <subfield code="a">DS</subfield>
  </datafield>
  <datafield tag="100" ind1="1" ind2=" ">
    <subfield code="a">Ṣāḥib al-Ṭālqānī, Abū al-Qāsim Ismāʻīl ibn ʻAbbād,</subfield>
    <subfield code="d">936-995.</subfield>
  </datafield>
  <datafield tag="245" ind1="1" ind2="3">
    <subfield code="a">al-Kashf ʻan masāwiʾ shiʻr al-Mutanabbī.</subfield>
    <subfield code="b">Wa-yalīhi Dhamm al-khaṭaʾ fī al-shiʻr, lil-imām Abī al-Ḥusayn Aḥmad ibn Firās ...</subfield>
  </datafield>
  <datafield tag="260" ind1=" " ind2=" ">
    <subfield code="a">Cairo,</subfield>
    <subfield code="b">Maktabat al-Qudsī,</subfield>
    <subfield code="c">1349 [1930-31]</subfield>
  </datafield>
  <datafield tag="300" ind1=" " ind2=" ">
    <subfield code="a">32 p.</subfield>
    <subfield code="c">24 cm.</subfield>
  </datafield>
  <datafield tag="546" ind1=" " ind2=" ">
    <subfield code="a">In Arabic.</subfield>
  </datafield>
  <datafield tag="600" ind1="1" ind2="0">
    <subfield code="a">Mutanabbī, Abū al-Ṭayyib Aḥmad ibn al-Ḥusayn,</subfield>
    <subfield code="d">915 or 916-965.</subfield>
  </datafield>
  <datafield tag="700" ind1="1" ind2=" ">
    <subfield code="a">Ibn Fāris al-Qazwīnī, Aḥmad,</subfield>
    <subfield code="d">active 10th century.</subfield>
  </datafield>
  <datafield tag="955" ind1=" " ind2=" ">
    <subfield code="b">0112390585</subfield>
    <subfield code="d">glx</subfield>
    <subfield code="e">893.7M98 DS</subfield>
  </datafield>
</record>
</collection>